<?xml version="1.0" encoding="UTF-8"?><collection xmlns="http://www.loc.gov/MARC21/slim"><record><leader>00358nam--2200133-i-4500</leader><controlfield tag="001">000036631</controlfield><controlfield tag="002">20161230</controlfield><controlfield tag="005">20161230201041</controlfield><controlfield tag="008">060222s1000------------r-----000-0-eng-d</controlfield><datafield ind1=" " ind2=" " tag="080"><subfield code="a">519.6</subfield></datafield><datafield ind1=" " ind2=" " tag="100"><subfield code="a">Popa,Aurel Si Vraciu,George</subfield></datafield><datafield ind1=" " ind2=" " tag="245"><subfield code="a">Metode numerice cu aplicatii in tehnica de calcul</subfield></datafield><datafield ind1=" " ind2=" " tag="260"><subfield code="a">Craiova, Scrisul Romanesc, 1982. 242 P</subfield></datafield><datafield ind1=" " ind2=" " tag="852"><subfield code="a">80696</subfield></datafield></record></collection>